@inproceedings{national2006parkinson,
  title={Parkinson's disease: national clinical guideline for diagnosis and management in primary and secondary care},
  author={National Collaborating Centre for Chronic Conditions (Great Britain)},
  year={2006},
  organization={Royal College of Physicians}
}

@article{davie2008review,
  title={A review of Parkinson's disease},
  author={Davie, Charles Anthony},
  journal={British medical bulletin},
  volume={86},
  number={1},
  pages={109--127},
  year={2008},
  publisher={British Council}
}

@article{bonato2005advances,
  title={Advances in wearable technology and applications in physical medicine and rehabilitation},
  author={Bonato, Paolo},
  journal={Journal of NeuroEngineering and Rehabilitation},
  volume={2},
  number={1},
  pages={2},
  year={2005},
  publisher={BioMed Central Ltd}
}

@article{patel2009monitoring,
  title={Monitoring motor fluctuations in patients with Parkinson's disease using wearable sensors},
  author={Patel, Shyamal and Lorincz, Konrad and Hughes, Richard and Huggins, Nancy and Growdon, John and Standaert, David and Akay, Metin and Dy, Jennifer and Welsh, Matt and Bonato, Paolo},
  journal={Information Technology in Biomedicine, IEEE Transactions on},
  volume={13},
  number={6},
  pages={864--873},
  year={2009},
  publisher={IEEE}
}

@misc{website:statista,
 title={Number of smartphone users worldwide from 2014 to 2019 (in millions)},
 author={eMarketer},
 year={2016},
 publisher={Statista},
 howplished={http://www.statista.com/statistics/330695/number-of-smartphone-users-worldwide/}
}

@inproceedings{izworski2005acquisition,
  title={Acquisition and interpretation of upper limbs tremor signal in Parkinsonian disease},
  author={Izworski, Andrzej and Micha{\l}ek, Marcin and Tadeusiewicz, Ryszard and Rudzi{\'n}ska, MONIKA and Bulka, Jaros{\l}aw and Wochlik, Ireneusz},
  booktitle={Proceedings of the 4th WSEAS international conference on electronics, signal processing and control (ESPOCO 2005), Rio de Janeiro},
  pages={25--27},
  year={2005}
}

@article{lesage2009parkinson,
  title={Parkinson's disease: from monogenic forms to genetic susceptibility factors},
  author={Lesage, Suzanne and Brice, Alexis},
  journal={Human molecular genetics},
  volume={18},
  number={R1},
  pages={R48--R59},
  year={2009},
  publisher={Oxford Univ Press}
}

@article{goetz2008movement,
  title={Movement Disorder Society-sponsored revision of the Unified Parkinson's Disease Rating Scale (MDS-UPDRS): Scale presentation and clinimetric testing results},
  author={Goetz, Christopher G and Tilley, Barbara C and Shaftman, Stephanie R and Stebbins, Glenn T and Fahn, Stanley and Martinez-Martin, Pablo and Poewe, Werner and Sampaio, Cristina and Stern, Matthew B and Dodel, Richard and others},
  journal={Movement disorders},
  volume={23},
  number={15},
  pages={2129--2170},
  year={2008},
  publisher={Wiley Online Library}
}

@article{jankovic1999re,
  title={Re-emergent tremor of Parkinson's disease},
  author={Jankovic, Joseph and Schwartz, Kenneth S and Ondo, William},
  journal={Journal of Neurology, Neurosurgery \& Psychiatry},
  volume={67},
  number={5},
  pages={646--650},
  year={1999},
  publisher={BMJ Publishing Group Ltd}
}

@article{koller1989tremors,
  title={Tremors in early Parkinson's disease.},
  author={Koller, William C and Vetere-Overfield, Bridget and Barter, Ruth},
  journal={Clinical neuropharmacology},
  volume={12},
  number={4},
  pages={293--297},
  year={1989},
  publisher={LWW}
}

@article{brennan2002essential,
  title={Is essential tremor predominantly a kinetic or a postural tremor? A clinical and electrophysiological study},
  author={Brennan, Kevin C and Jurewicz, Eva C and Ford, Blair and Pullman, Seth L and Louis, Elan D},
  journal={Movement disorders},
  volume={17},
  number={2},
  pages={313--316},
  year={2002},
  publisher={Wiley Online Library}
}

@inproceedings{bonato2004data,
  title={Data mining techniques to detect motor fluctuations in Parkinson's disease},
  author={Bonato, Paolo and Sherrill, Delsey M and Standaert, David G and Salles, Sara S and Akay, Metin},
  booktitle={Engineering in Medicine and Biology Society, 2004. IEMBS'04. 26th Annual International Conference of the IEEE},
  volume={2},
  pages={4766--4769},
  year={2004},
  organization={IEEE}
}

@article{moddemeijer1989estimation,
  title={On estimation of entropy and mutual information of continuous distributions},
  author={Moddemeijer, Rudy},
  journal={Signal processing},
  volume={16},
  number={3},
  pages={233--248},
  year={1989},
  publisher={Elsevier}
}

@incollection{sharma2014spark,
  title={SPARK: personalized parkinson disease interventions through synergy between a smartphone and a smartwatch},
  author={Sharma, Vinod and Mankodiya, Kunal and De La Torre, Fernando and Zhang, Ada and Ryan, Neal and Ton, Thanh GN and Gandhi, Rajeev and Jain, Samay},
  booktitle={Design, User Experience, and Usability. User Experience Design for Everyday Life Applications and Services},
  pages={103--114},
  year={2014},
  publisher={Springer}
}

@inproceedings{lemoyne2010implementation,
  title={Implementation of an iPhone for characterizing Parkinson's disease tremor through a wireless accelerometer application},
  author={LeMoyne, Robert and Mastroianni, Timothy and Cozza, Michael and Coroian, Cristian and Grundfest, Warren},
  booktitle={Engineering in Medicine and Biology Society (EMBC), 2010 Annual International Conference of the IEEE},
  pages={4954--4958},
  year={2010},
  organization={IEEE}
}

@article{giuffrida2009clinically,
  title={Clinically deployable Kinesia? technology for automated tremor assessment},
  author={Giuffrida, Joseph P and Riley, David E and Maddux, Brian N and Heldman, Dustin A},
  journal={Movement Disorders},
  volume={24},
  number={5},
  pages={723--730},
  year={2009},
  publisher={Wiley Online Library}
}

@book{hamilton1994time,
  title={Time series analysis},
  author={Hamilton, James Douglas},
  volume={2},
  year={1994},
  publisher={Princeton university press Princeton}
}

@book{wei1994time,
  title={Time series analysis},
  author={Wei, William Wu-Shyong},
  year={1994},
  publisher={Addison-Wesley publ Reading}
}

@article{welch1967use,
  title={The use of fast Fourier transform for the estimation of power spectra: A method based on time averaging over short, modified periodograms},
  author={Welch, Peter D},
  journal={IEEE Transactions on audio and electroacoustics},
  volume={15},
  number={2},
  pages={70--73},
  year={1967}
}

@article{weinstein1971data,
  title={Data transmission by frequency-division multiplexing using the discrete Fourier transform},
  author={Weinstein, Stephen B and Ebert, Paul M},
  journal={Communication Technology, IEEE Transactions on},
  volume={19},
  number={5},
  pages={628--634},
  year={1971},
  publisher={IEEE}
}

@article{duhamel1990fast,
  title={Fast Fourier transforms: a tutorial review and a state of the art},
  author={Duhamel, Pierre and Vetterli, Martin},
  journal={Signal processing},
  volume={19},
  number={4},
  pages={259--299},
  year={1990},
  publisher={Elsevier}
}

@article{kohonen1982self,
  title={Self-organized formation of topologically correct feature maps},
  author={Kohonen, Teuvo},
  journal={Biological cybernetics},
  volume={43},
  number={1},
  pages={59--69},
  year={1982},
  publisher={Springer}
}

@article{lang1998parkinson,
  title={Parkinson's disease},
  author={Lang, Anthony E and Lozano, Andres M},
  journal={New England Journal of Medicine},
  volume={339},
  number={15},
  pages={1044--1053},
  year={1998},
  publisher={Mass Medical Soc}
}

@article{shahshahani1994effect,
  title={The effect of unlabeled samples in reducing the small sample size problem and mitigating the Hughes phenomenon},
  author={Shahshahani, Behzad M and Landgrebe, David A},
  journal={IEEE Transactions on Geoscience and remote sensing},
  volume={32},
  number={5},
  pages={1087--1095},
  year={1994},
  publisher={IEEE}
}

@article{shahshahani1994effect,
  title={The effect of unlabeled samples in reducing the small sample size problem and mitigating the Hughes phenomenon},
  author={Shahshahani, Behzad M and Landgrebe, David A},
  journal={IEEE Transactions on Geoscience and remote sensing},
  volume={32},
  number={5},
  pages={1087--1095},
  year={1994},
  publisher={IEEE}
}

@article{miller1997mixture,
  title={A mixture of experts classifier with learning based on both labelled and unlabelled data},
  author={Miller, David J and Uyar, Hasan S},
  journal={Advances in neural information processing systems},
  pages={571--577},
  year={1997},
  publisher={MORGAN KAUFMANN PUBLISHERS}
}

@article{miller1997mixture,
  title={A mixture of experts classifier with learning based on both labelled and unlabelled data},
  author={Miller, David J and Uyar, Hasan S},
  journal={Advances in neural information processing systems},
  pages={571--577},
  year={1997},
  publisher={MORGAN KAUFMANN PUBLISHERS}
}

@inproceedings{cozman2002unlabeled,
  title={Unlabeled Data Can Degrade Classification Performance of Generative Classifiers.},
  author={Cozman, Fabio Gagliardi and Cohen, Ira and Cirelo, M},
  booktitle={FLAIRS Conference},
  pages={327--331},
  year={2002}
}

@article{nigam2000text,
  title={Text classification from labeled and unlabeled documents using EM},
  author={Nigam, Kamal and McCallum, Andrew Kachites and Thrun, Sebastian and Mitchell, Tom},
  journal={Machine learning},
  volume={39},
  number={2-3},
  pages={103--134},
  year={2000},
  publisher={Springer}
}

@inproceedings{riloff2003learning,
  title={Learning extraction patterns for subjective expressions},
  author={Riloff, Ellen and Wiebe, Janyce},
  booktitle={Proceedings of the 2003 conference on Empirical methods in natural language processing},
  pages={105--112},
  year={2003},
  organization={Association for Computational Linguistics}
}

@article{rosenberg2005semi,
  title={Semi-supervised self-training of object detection models},
  author={Rosenberg, Chuck and Hebert, Martial and Schneiderman, Henry},
  year={2005},
  publisher={IEEE Press}
}

@inproceedings{mcclosky2006effective,
  title={Effective self-training for parsing},
  author={McClosky, David and Charniak, Eugene and Johnson, Mark},
  booktitle={Proceedings of the main conference on human language technology conference of the North American Chapter of the Association of Computational Linguistics},
  pages={152--159},
  year={2006},
  organization={Association for Computational Linguistics}
}

@inproceedings{joachims1999transductive,
  title={Transductive inference for text classification using support vector machines},
  author={Joachims, Thorsten},
  booktitle={ICML},
  volume={99},
  pages={200--209},
  year={1999}
}

@article{fine2001efficient,
  title={Efficient SVM training using low-rank kernel representations},
  author={Fine, Shai and Scheinberg, Katya},
  journal={Journal of Machine Learning Research},
  volume={2},
  number={Dec},
  pages={243--264},
  year={2001}
}

@article{zhu2005semi,
  title={Semi-supervised learning literature survey},
  author={Zhu, Xiaojin},
  year={2005},
  publisher={Citeseer}
}

@inproceedings{sindhwani2006deterministic,
  title={Deterministic annealing for semi-supervised kernel machines},
  author={Sindhwani, Vikas and Keerthi, S Sathiya and Chapelle, Olivier},
  booktitle={Proceedings of the 23rd international conference on Machine learning},
  pages={841--848},
  year={2006},
  organization={ACM}
}

@article{collobert2006large,
  title={Large scale transductive SVMs},
  author={Collobert, Ronan and Sinz, Fabian and Weston, Jason and Bottou, L{\'e}on},
  journal={Journal of Machine Learning Research},
  volume={7},
  number={Aug},
  pages={1687--1712},
  year={2006}
}

@article{chapelletransductive,
  title={Transductive Inference and Semi-Supervised Learning},
  author={Chapelle, Olivier and Sch{\"o}lkopf, Bernhard and Zien, Alexander},
  publisher={MIT Press}
}

@inproceedings{weston2006inference,
  title={Inference with the universum},
  author={Weston, Jason and Collobert, Ronan and Sinz, Fabian and Bottou, L{\'e}on and Vapnik, Vladimir},
  booktitle={Proceedings of the 23rd international conference on Machine learning},
  pages={1009--1016},
  year={2006},
  organization={ACM}
}

@article{bennett1999semi,
  title={Semi-supervised support vector machines},
  author={Bennett, Kristin and Demiriz, Ayhan and others},
  journal={Advances in Neural Information processing systems},
  pages={368--374},
  year={1999},
  publisher={MIT; 1998}
}

@inproceedings{zhu2003semi,
  title={Semi-supervised learning using gaussian fields and harmonic functions},
  author={Zhu, Xiaojin and Ghahramani, Zoubin and Lafferty, John and others},
  booktitle={ICML},
  volume={3},
  pages={912--919},
  year={2003}
}

@article{zhou2004learning,
  title={Learning with local and global consistency},
  author={Zhou, Dengyong and Bousquet, Olivier and Lal, Thomas Navin and Weston, Jason and Sch{\"o}lkopf, Bernhard},
  journal={Advances in neural information processing systems},
  volume={16},
  number={16},
  pages={321--328},
  year={2004}
}

@article{blum2001learning,
  title={Learning from labeled and unlabeled data using graph mincuts},
  author={Blum, Avrim and Chawla, Shuchi},
  year={2001}
}

@article{belkin2004semi,
  title={Semi-supervised learning on Riemannian manifolds},
  author={Belkin, Mikhail and Niyogi, Partha},
  journal={Machine learning},
  volume={56},
  number={1-3},
  pages={209--239},
  year={2004},
  publisher={Springer}
}

@article{belkin2006manifold,
  title={Manifold regularization: A geometric framework for learning from labeled and unlabeled examples},
  author={Belkin, Mikhail and Niyogi, Partha and Sindhwani, Vikas},
  journal={Journal of machine learning research},
  volume={7},
  number={Nov},
  pages={2399--2434},
  year={2006}
}

@inproceedings{liu2010large,
  title={Large graph construction for scalable semi-supervised learning},
  author={Liu, Wei and He, Junfeng and Chang, Shih-Fu},
  booktitle={Proceedings of the 27th international conference on machine learning (ICML-10)},
  pages={679--686},
  year={2010}
}

@inproceedings{nenkova2011automatic,
  title={Automatic summarization},
  author={Nenkova, Ani and Maskey, Sameer and Liu, Yang},
  booktitle={Proceedings of the 49th Annual Meeting of the Association for Computational Linguistics: Tutorial Abstracts of ACL 2011},
  pages={3},
  year={2011},
  organization={Association for Computational Linguistics}
}

@article{zhou2005tri,
  title={Tri-training: Exploiting unlabeled data using three classifiers},
  author={Zhou, Zhi-Hua and Li, Ming},
  journal={IEEE Transactions on knowledge and Data Engineering},
  volume={17},
  number={11},
  pages={1529--1541},
  year={2005},
  publisher={IEEE}
}

@article{li2007improve,
  title={Improve computer-aided diagnosis with machine learning techniques using undiagnosed samples},
  author={Li, Ming and Zhou, Zhi-Hua},
  journal={IEEE Transactions on Systems, Man, and Cybernetics-Part A: Systems and Humans},
  volume={37},
  number={6},
  pages={1088--1098},
  year={2007},
  publisher={IEEE}
}

@article{xu2009semi,
  title={Semi-supervised protein subcellular localization},
  author={Xu, Qian and Hu, Derek Hao and Xue, Hong and Yu, Weichuan and Yang, Qiang},
  journal={BMC bioinformatics},
  volume={10},
  number={1},
  pages={1},
  year={2009},
  publisher={BioMed Central}
}

@article{li2009semi,
  title={Semi-supervised document retrieval},
  author={Li, Ming and Li, Hang and Zhou, Zhi-Hua},
  journal={Information Processing \& Management},
  volume={45},
  number={3},
  pages={341--355},
  year={2009},
  publisher={Elsevier}
}

@article{abbate2012smartphone,
  title={A smartphone-based fall detection system},
  author={Abbate, Stefano and Avvenuti, Marco and Bonatesta, Francesco and Cola, Guglielmo and Corsini, Paolo and Vecchio, Alessio},
  journal={Pervasive and Mobile Computing},
  volume={8},
  number={6},
  pages={883--899},
  year={2012},
  publisher={Elsevier}
}

@article{bhattacharya2014using,
  title={Using unlabeled data in a sparse-coding framework for human activity recognition},
  author={Bhattacharya, Sourav and Nurmi, Petteri and Hammerla, Nils and Pl{\"o}tz, Thomas},
  journal={Pervasive and Mobile Computing},
  volume={15},
  pages={242--262},
  year={2014},
  publisher={Elsevier}
}

@article{moore2007long,
  title={Long-term monitoring of gait in Parkinson's disease},
  author={Moore, Steven T and MacDougall, Hamish G and Gracies, Jean-Michel and Cohen, Helen S and Ondo, William G},
  journal={Gait \& posture},
  volume={26},
  number={2},
  pages={200--207},
  year={2007},
  publisher={Elsevier}
}

@article{zhou2005tri,
  title={Tri-training: Exploiting unlabeled data using three classifiers},
  author={Zhou, Zhi-Hua and Li, Ming},
  journal={IEEE Transactions on knowledge and Data Engineering},
  volume={17},
  number={11},
  pages={1529--1541},
  year={2005},
  publisher={IEEE}
}

@article{vegaparkinson,
  title={PARKINSON?S DISEASE PROGRESSION ASSESSMENT USING BEHAVIOURAL INFERENCES AND SMARTPHONES (PANDAS)},
  author={Vega, Julio}
}

@article{hoehn1998parkinsonism,
  title={Parkinsonism: onset, progression, and mortality},
  author={Hoehn, Margaret M and Yahr, Melvin D and others},
  journal={Neurology},
  volume={50},
  number={2},
  pages={318--318},
  year={1998},
  publisher={[New York: Lancet Publications, 1951]-}
}

@article{movement2003unified,
  title={The Unified Parkinson's Disease Rating Scale (UPDRS): status and recommendations.},
  author={Movement Disorder Society Task Force on Rating Scales for Parkinson's Disease and others},
  journal={Movement disorders: official journal of the Movement Disorder Society},
  volume={18},
  number={7},
  pages={738},
  year={2003}
}

@article{pan2012parkinson,
  title={Parkinson?s Disease tremor classification--A comparison between Support Vector Machines and neural networks},
  author={Pan, Song and Iplikci, Serdar and Warwick, Kevin and Aziz, Tipu Z},
  journal={Expert Systems with Applications},
  volume={39},
  number={12},
  pages={10764--10771},
  year={2012},
  publisher={Elsevier}
}

@article{gil2009diagnosing,
  title={Diagnosing Parkinson by using artificial neural networks and support vector machines},
  author={Gil, David and Johnson, Magnus},
  journal={Global Journal of Computer Science and Technology},
  volume={9},
  number={4},
  pages={63--71},
  year={2009},
  publisher={Citeseer}
}

@article{zwartjes2010ambulatory,
  title={Ambulatory monitoring of activities and motor symptoms in Parkinson's disease},
  author={Zwartjes, Daphne GM and Heida, Tjitske and van Vugt, Jeroen PP and Geelen, Jan AG and Veltink, Peter H},
  journal={IEEE transactions on biomedical engineering},
  volume={57},
  number={11},
  pages={2778--2786},
  year={2010},
  publisher={IEEE}
}

@article{kim2006tracking,
  title={Tracking tremor frequency in spike trains using the extended Kalman smoother},
  author={Kim, Sunghan and McNames, James},
  journal={IEEE Transactions on Biomedical Engineering},
  volume={53},
  number={8},
  pages={1569--1577},
  year={2006},
  publisher={IEEE}
}

@article{alvarez2005detrending,
  title={Detrending fluctuation analysis based on moving average filtering},
  author={Alvarez-Ramirez, Jose and Rodriguez, Eduardo and Echeverr{\'\i}a, Juan Carlos},
  journal={Physica A: Statistical Mechanics and its Applications},
  volume={354},
  pages={199--219},
  year={2005},
  publisher={Elsevier}
}

@article{jankovic2008parkinson,
  title={Parkinson?s disease: clinical features and diagnosis},
  author={Jankovic, Joseph},
  journal={Journal of Neurology, Neurosurgery \& Psychiatry},
  volume={79},
  number={4},
  pages={368--376},
  year={2008},
  publisher={BMJ Publishing Group Ltd}
}

@article{kostek2015knowledge,
  title={Knowledge representation of motor activity of patients with Parkinson?s disease},
  author={Kostek, Bo{\.z}ena and Kupryjanow, Adam and Czy{\.z}ewski, Andrzej},
  journal={Natural computing},
  volume={14},
  number={4},
  pages={579--591},
  year={2015},
  publisher={Springer}
}

